
@article{cadzow1988,
    author  = {James A. Cadzow},
    title   = {Signal Enhancement--A Composite Property Mapping Algorithm},
    journal = {IEEE Transactions on Accoustics, Speech and Signal Processing},
    year    = {1988},
    month   = {January},
    volume  = {36},
    number  = {1},
    pages   = {49-62},
    doi     = {10.1109/29.1488},
    file    = {:FRI/\[1988\]\[Cadzow\]Signal_Enhancement_-_A_Composite_Property_Mapping_Algorithm.pdf:PDF}
}

@article{hua1990,
    author  = {Yingbo Hua and Tapan K. Sarkar},
    title   = {Matrix Pencil Method for Estimating Parameters of Exponentially Damped/Undamped Sinusoids in Noise},
    journal = {IEEE Transactions on Acoustics, Speech and Signal Processing},
    year    = {1990},
    month   = {May},
    volume  = {38},
    number  = {5},
    pages   = {814-824},
    doi     = {10.1109/29.56027},
    file    = {:FRI/\[1990\]\[Hua\,Sarkar\]Matrix_Pencil_Method_for_Estimating_Parameters_of_Exponentially_Damped-Undamped_Sinusoids_in_Noise.pdf:PDF}
}

@article{blu2001,
    author  = {Thierry Blu and Philippe Th\'{e}venaz and Michael Unser},
    title   = {{MOMS}: Maximal-Order Interpolation of Minimal Support},
    journal = {IEEE Transactions on Image Processing},
    year    = {2001},
    month   = {July},
    volume  = {10},
    pages   = {1069-1080},
    doi     = {10.1109/83.931101},
    file    = {:FRI/\[2001\]\[Blu\,Thevenaz\,Unser\]MOMS_Maximal-Order_Interpolation_of_Minimal_Support.pdf:PDF}
}

@article{vetterli2002,
    author  = {Martin Vetterli and Pina Marziliano and Thierry Blu},
    title   = {Sampling Signals With Finite Rate of Innovation},
    journal = {IEEE Transactions on Signal Processing},
    year    = {2002},
    month   = {June},
    volume  = {50},
    number  = {6},
    pages   = {1417-1428},
    doi     = {10.1109/TSP.2002.1003065},
    file    = {:FRI/\[2002\]\[Vetterli\,Marziliano\,Blu\]Sampling_Signals_With_Finite_Rate_of_Innovation.pdf:PDF}
}

@book{stoica2005,
   author    = {Petre Stoica and Randolph Moses},
   title     = {Spectral Analysis of Signals},
   publisher = {Prentice Hall},
   year      = {2005},
   month     = {March},
   edition   = {First}
}

@inproceedings{dragotti2005,
    author    = {Pier Luigi Dragotti and Martin Vetterli and Thierry Blu},
    title     = {Exact Sampling Results for Signals with Finite Rate of Innovation Using {S}trang-{F}ix Conditions and Local Kernels},
    booktitle = {IEEE International Conference on Acoustics, Speech, and Signal Processing (ICASSP 2005)},
    year      = {2005},
    month     = {March},
    volume    = {4},
    number    = {},
    pages     = {iv/233-iv/236},
    doi       = {10.1109/ICASSP.2005.1415988},
    file      = {:FRI/\[2005\]\[Dragotti\,Vetterli\,Blu\]Exact_Sampling_Results_for_Signals_with_Finite_Rate_of_Innovation_Using_Strang-Fix_Conditions_and_Local_Kernels.pdf:PDF}
}

@article{maravic2005,
    author  = {Irena Maravi\'{c} and Martin Vetterli},
    title   = {Sampling and Reconstruction of Signals With Finite Rate of Innovation in the Presence of Noise},
    journal = {IEEE Transactions on Signal Processing},
    year    = {2005},
    month   = {August},
    volume  = {53},
    number  = {8},
    pages   = {2788-2805},
    doi     = {10.1109/TSP.2005.850321},
    file    = {:FRI/\[2005\]\[Maravic\,Vetterli\]Sampling_and_Reconstruction_of_Signals_With_Finite_Rate_of_Innovation_in_the_Presence_of_Noise.pdf:PDF}
}

@article{dragotti2007,
    author  = {Pier Luigi Dragotti and Martin Vetterli and Thierry Blu},
    title   = {Sampling Moments and Reconstructing Signals of Finite Rate of Innovation: {S}hannon Meets {S}trang-{F}ix},
    journal = {IEEE Transactions on Signal Processing},
    year    = {2007},
    month   = {May},
    volume  = {55},
    number  = {5},
    pages   = {1741-1757},
    doi     = {10.1109/TSP.2006.890907},
    file    = {:FRI/\[2007\]\[Dragotti\,Vetterli\,Blu\]Sampling_Moments_and_Reconstruction_Signals_of_Finite_Rate_of_Innovation.pdf:PDF}
}

@article{blu2008,
    author  = {Thierry Blu and Pier Luigi Dragotti and Martin Vetterli and Pina Marziliano and Lionel Coulot},
    title   = {Sparse Sampling of Signal Innovations},
    journal = {IEEE Signal Processing Magazine},
    year    = {2008},
    month   = {March},
    volume  = {25},
    number  = {2},
    pages   = {31-40},
    doi     = {10.1109/MSP.2007.914998},
    file    = {:FRI/\[2008\]\[Blu\,Dragotti\,Vetterli\]Sparse_sampling_of_Signal_Innovations.pdf:PDF}
}

@article{tan2008,
    author  = {Vincent Y. F. Tan and Vivek K. Goyal},
    title   = {Estimating Signals With Finite Rate of Innovation From Noisy Samples: A Stochastic Algorithm},
    journal = {IEEE Transactions on Signal Processing},
    year    = {2008},
    month   = {October},
    volume  = {56},
    number  = {10},
    pages   = {5135-5146},
    doi     = {10.1109/TSP.2008.928510},
    file    = {:FRI/\[2008\]\[Tan\,Goyal\]Estimating_Signals_With_Finite_Rate_of_Innovation_From_Noisy_Samples_-_A_Stochastic_Algorithm.pdf:PDF}
}

@article{berent2010,
    author  = {Jesse Berent and Pier Luigi Dragotti and Thierry Blu},
    title   = {Sampling Piecewise Sinusoidal Signals With Finite Rate of Innovation Methods},
    journal = {IEEE Transactions on Signal Processing},
    year    = {2010},
    month   = {February},
    volume  = {58},
    number  = {2},
    pages   = {613-625},
    doi     = {10.1109/TSP.2009.2031717},
    file    = {:FRI/\[2010\]\[Berent\,Dragotti\,Blu\]Sampling_Piecewise_Sinusoidal_Signals_With_Finite_Rate_of_Innovation_Methods.pdf:PDF}
}

@article{erdozain2011,
    author  = {Aitor Erdozain and Pedro M. Crespo},
    title   = {Reconstruction of aperiodic {FRI} signals and estimation of the rate of innovation based on the state space method},
    journal = {Signal Processing},
    year    = {2011},
    volume  = {91},
    number  = {8},
    pages   = {1709-1718},
    doi     = {10.1016/j.sigpro.2011.01.015},
    file    = {:FRI/\[2011\]\[Erdozain\,Crespo\]Reconstruction_of_aperiodic_FRI_signals_and_estimation_of_rate_of_innovation_based_on_the_state_space_method.pdf:PDF}
}

@article{tur2011,
    author  = {Ronen Tur and Yonina C. Eldar and Zvi Friedman},
    title   = {Innovation Rate Sampling of Pulse Streams With Application to Ultrasound Imaging},
    journal = {IEEE Transactions on Signal Processing},
    year    = {2011},
    month   = {April},
    volume  = {59},
    number  = {4},
    pages   = {1827-1842},
    doi     = {10.1109/TSP.2011.2105480},
    file    = {:FRI/\[2011\]\[Tur\,Eldar\,Friedman\]Innovation_Rate_Sampling_of_Pulse_Streams_With_Application_to_Ultrasound_Imaging.pdf:PDF}
}

@inproceedings{uriguen2011,
    author    = {Jose Antonio Urig\"{u}en and Pier Luigi Dragotti and Thierry Blu},
    title     = {On the Exponential Reproducing Kernels for Sampling Signals with Finite Rate of Innovation},
    booktitle = {9th International Workshop on Sampling Theory and Applications (SampTA'11)},
    year      = {2011},
    month     = {May},
    volume    = {},
    number    = {},
    pages     = {},
    doi       = {},
    file      = {:FRI/\[2005\]\[Dragotti\,Vetterli\,Blu\]Exact_Sampling_Results_for_Signals_with_Finite_Rate_of_Innovation_Using_Strang-Fix_Conditions_and_Local_Kernels.pdf:PDF}
}

@article{uriguen2013,
    author  = {Jose Antonio Urig\"{u}en and Thierry Blu and Pier Luigi Dragotti},
    title   = {Approximate {S}trang-{F}ix: {FRI} sampling with arbitrary kernels},
    journal = {submitted to IEEE Transactions on Signal Processing},
    year    = {2013},
    month   = {},
    volume  = {},
    number  = {},
    pages   = {},
    doi     = {}
}
