
@inproceedings{paulraj1985,
    author    = {Arogvaswanii Paulraj and Richard H. Roy and Thomas Kailath},
    title     = {Estimation of Signal Parameters via Rotational Invariance Techniques -- {ESPRIT}},
    booktitle = {19th Asilomar Conference on Circuits, Systems and Computers, 1985},
    year      = {1985},
    month     = {November},
    volume    = {},
    number    = {},
    pages     = {83-89},
    doi       = {10.1109/ACSSC.1985.671426},
    file      = {:Comm/\[1985\]\[Paulraj\,Roy\,Kailath\]Estimation_of_Signal_Parameters_via_Rotational_Invariance_Techniques_-_ESPRIT.pdf:PDF}
}

@article{cadzow1988,
    author  = {James A. Cadzow},
    title   = {Signal Enhancement--A Composite Property Mapping Algorithm},
    journal = {IEEE Transactions on Accoustics, Speech and Signal Processing},
    year    = {1988},
    month   = {January},
    volume  = {36},
    number  = {1},
    pages   = {49-62},
    doi     = {10.1109/29.1488},
    file    = {:FRI/\[1988\]\[Cadzow\]Signal_Enhancement_-_A_Composite_Property_Mapping_Algorithm.pdf:PDF}
}

@article{hua1990,
    author  = {Yingbo Hua and Tapan K. Sarkar},
    title   = {Matrix Pencil Method for Estimating Parameters of Exponentially Damped/Undamped Sinusoids in Noise},
    journal = {IEEE Transactions on Acoustics, Speech and Signal Processing},
    year    = {1990},
    month   = {May},
    volume  = {38},
    number  = {5},
    pages   = {814-824},
    doi     = {10.1109/29.56027},
    file    = {:FRI/\[1990\]\[Hua\,Sarkar\]Matrix_Pencil_Method_for_Estimating_Parameters_of_Exponentially_Damped-Undamped_Sinusoids_in_Noise.pdf:PDF}
}

@article{rao1992,
    author  = {Bhaskar D. Rao and K. S. Arun},
    title   = {Model Based Processing of Signals: A State Space Approach},
    journal = {Proceedings of the IEEE},
    year    = {1992},
    month   = {February},
    volume  = {80},
    number  = {2},
    pages   = {283-309},
    doi     = {10.1109/5.123298},
    file    = {:Model_selection/\[1992\]\[Rao\,Arun\]Model_Based_Approach_of_Signals_-_A_State_Space_Approach.pdf:PDF}
}

@article{chen1998,
    author  = {Scott Shaobing Chen and David L. Donoho and Michael A. Saunders},
    title   = {Atomic Decomposition by Basis Pursuit},
    journal = {SIAM Journal on Scientific Computing},
    year    = {1998},
    month   = {},
    volume  = {20},
    number  = {1},
    pages   = {33-61},
    doi     = {10.1137/S1064827596304010},
    file    = {:Sparsity/\[1998\]\[Chen\,Donoho\,Saunders\]Atomic_Decomposition_by_Basis_Pursuit.pdf:PDF}
}

@article{vetterli2002,
    author  = {Martin Vetterli and Pina Marziliano and Thierry Blu},
    title   = {Sampling Signals With Finite Rate of Innovation},
    journal = {IEEE Transactions on Signal Processing},
    year    = {2002},
    month   = {June},
    volume  = {50},
    number  = {6},
    pages   = {1417-1428},
    doi     = {10.1109/TSP.2002.1003065},
    file    = {:FRI/\[2002\]\[Vetterli\,Marziliano\,Blu\]Sampling_Signals_With_Finite_Rate_of_Innovation.pdf:PDF}
}

@book{stoica2005,
   author    = {Petre Stoica and Randolph Moses},
   title     = {Spectral Analysis of Signals},
   publisher = {Prentice Hall},
   year      = {2005},
   month     = {March},
   edition   = {First}
}

@article{maravic2005,
    author  = {Irena Maravi\'{c} and Martin Vetterli},
    title   = {Sampling and Reconstruction of Signals With Finite Rate of Innovation in the Presence of Noise},
    journal = {IEEE Transactions on Signal Processing},
    year    = {2005},
    month   = {August},
    volume  = {53},
    number  = {8},
    pages   = {2788-2805},
    doi     = {10.1109/TSP.2005.850321},
    file    = {:FRI/\[2005\]\[Maravic\,Vetterli\]Sampling_and_Reconstruction_of_Signals_With_Finite_Rate_of_Innovation_in_the_Presence_of_Noise.pdf:PDF}
}

@article{candes2006,
    author  = {Emmanuel J. Cand\`{e}s and Justin Romberg and Terence Tao},
    title   = {Robust Uncertainty Principles: Exact Signal Reconstruction From Highly Incomplete Frequency Information},
    journal = {IEEE Transactions on Information Theory},
    year    = {2006},
    month   = {February},
    volume  = {52},
    number  = {2},
    pages   = {489-509},
    doi     = {10.1109/TIT.2005.862083},
    file    = {:Sparsity/\[2006\]\[Candes\,Romberg\,Tao\]Robust_Uncertainty_Principles_Exact_Signal_Reconstruction_From_Highly_Incomplete_Frequency_Information.pdf:PDF}
}

@article{donoho2006,
    author  = {David L. Donoho},
    title   = {Compressed Sensing},
    journal = {IEEE Transactions on Information Theory},
    year    = {2006},
    month   = {April},
    volume  = {52},
    number  = {4},
    pages   = {1289-1306},
    doi     = {10.1109/TIT.2006.871582},
    file    = {:Sparsity/\[2006\]\[Donoho\]Compressed_Sensing.pdf:PDF}
}

@article{dragotti2007,
    author  = {Pier Luigi Dragotti and Martin Vetterli and Thierry Blu},
    title   = {Sampling Moments and Reconstructing Signals of Finite Rate of Innovation: {S}hannon Meets {S}trang-{F}ix},
    journal = {IEEE Transactions on Signal Processing},
    year    = {2007},
    month   = {May},
    volume  = {55},
    number  = {5},
    pages   = {1741-1757},
    doi     = {10.1109/TSP.2006.890907},
    file    = {:FRI/\[2007\]\[Dragotti\,Vetterli\,Blu\]Sampling_Moments_and_Reconstruction_Signals_of_Finite_Rate_of_Innovation.pdf:PDF}
}

@inproceedings{hormati2007,
    author    = {Ali Hormati and Martin Vetterli},
    title     = {Annihilating Filter-Based Decoding in the Compressed Sensing Framework},
    booktitle = {Proceedings SPIE 6701, Wavelets XII},
    year      = {2007},
    month     = {August},
    volume    = {6701},
    number    = {670121-670121-10},
    pages     = {},
    doi       = {10.1117/12.732308},
    file      = {:FRI/\[2007\]\[Hormati\,Vetterli\]Annihilating_Filter_Based_Decoding_in_the_Compressed_Sensing_Framework.pdf:PDF}
}

@article{blu2008,
    author  = {Thierry Blu and Pier Luigi Dragotti and Martin Vetterli and Pina Marziliano and Lionel Coulot},
    title   = {Sparse Sampling of Signal Innovations},
    journal = {IEEE Signal Processing Magazine},
    year    = {2008},
    month   = {March},
    volume  = {25},
    number  = {2},
    pages   = {31-40},
    doi     = {10.1109/MSP.2007.914998},
    file    = {:FRI/\[2008\]\[Blu\,Dragotti\,Vetterli\]Sparse_sampling_of_Signal_Innovations.pdf:PDF}
}

@article{tan2008,
    author  = {Vincent Y. F. Tan and Vivek K. Goyal},
    title   = {Estimating Signals With Finite Rate of Innovation From Noisy Samples: A Stochastic Algorithm},
    journal = {IEEE Transactions on Signal Processing},
    year    = {2008},
    month   = {October},
    volume  = {56},
    number  = {10},
    pages   = {5135-5146},
    doi     = {10.1109/TSP.2008.928510},
    file    = {:FRI/\[2008\]\[Tan\,Goyal\]Estimating_Signals_With_Finite_Rate_of_Innovation_From_Noisy_Samples_-_A_Stochastic_Algorithm.pdf:PDF}
}

@article{berent2010,
    author  = {Jesse Berent and Pier Luigi Dragotti and Thierry Blu},
    title   = {Sampling Piecewise Sinusoidal Signals With Finite Rate of Innovation Methods},
    journal = {IEEE Transactions on Signal Processing},
    year    = {2010},
    month   = {February},
    volume  = {58},
    number  = {2},
    pages   = {613-625},
    doi     = {10.1109/TSP.2009.2031717},
    file    = {:FRI/\[2010\]\[Berent\,Dragotti\,Blu\]Sampling_Piecewise_Sinusoidal_Signals_With_Finite_Rate_of_Innovation_Methods.pdf:PDF}
}

@article{tur2011,
    author  = {Ronen Tur and Yonina C. Eldar and Zvi Friedman},
    title   = {Innovation Rate Sampling of Pulse Streams With Application to Ultrasound Imaging},
    journal = {IEEE Transactions on Signal Processing},
    year    = {2011},
    month   = {April},
    volume  = {59},
    number  = {4},
    pages   = {1827-1842},
    doi     = {10.1109/TSP.2011.2105480},
    file    = {:FRI/\[2011\]\[Tur\,Eldar\,Friedman\]Innovation_Rate_Sampling_of_Pulse_Streams_With_Application_to_Ultrasound_Imaging.pdf:PDF}
}

@inproceedings{uriguen2011,
    author    = {Jose Antonio Urig\"{u}en and Pier Luigi Dragotti and Thierry Blu},
    title     = {On the Exponential Reproducing Kernels for Sampling Signals with Finite Rate of Innovation},
    booktitle = {9th International Workshop on Sampling Theory and Applications (SampTA'11)},
    year      = {2011},
    month     = {May},
    volume    = {},
    number    = {},
    pages     = {},
    doi       = {},
    file      = {:FRI/\[2005\]\[Dragotti\,Vetterli\,Blu\]Exact_Sampling_Results_for_Signals_with_Finite_Rate_of_Innovation_Using_Strang-Fix_Conditions_and_Local_Kernels.pdf:PDF}
}

@article{zhang2011,
    author  = {Yin Zhang and Junfeng Yang and W. Yin},
    title   = {{YALL1}: {Y}our {AL}gorithms for {L1}},
    journal = {online at http://yall1.blogs.rice.edu},
    year    = {2011}
}

@article{uriguen2013,
    author  = {Jose Antonio Urig\"{u}en and Thierry Blu and Pier Luigi Dragotti},
    title   = {{FRI} Sampling With Arbitrary Kernels},
    journal = {IEEE Transactions on Signal Processing},
    year    = {2013},
    month   = {November},
    volume  = {61},
    number  = {21},
    pages   = {5310-5323},
    doi     = {10.1109/TSP.2013.2278152},
    file    = {FRI/\[2013\]\[Uriguen\,Blu\,Dragotti\]FRI_Sampling_With_Arbitrary_Kernels.pdf}
}
