@article{vetterli2002,
    author  = {Martin Vetterli and Pina Marziliano and Thierry Blu},
    title   = {Sampling Signals With Finite Rate of Innovation},
    journal = {IEEE Transactions on Signal Processing},
    year    = {2002},
    month   = {June},
    volume  = {50},
    number  = {6},
    pages   = {1417-1428}
}

@article{blu2008,
    author  = {Thierry Blu and Pier Luigi Dragotti and Martin Vetterli and Pina Marziliano and Lionel Coulot},
    title   = {Sparse Sampling of Signal Innovations},
    journal = {IEEE Signal Processing Magazine},
    year    = {2008},
    month   = {March},
    volume  = {25},
    number  = {2},
    pages   = {31-40}
}

@book{stoica2005,
   author    = {Petre Stoica and Randolph Moses},
   title     = {Spectral Analysis of Signals},
   publisher = {Prentice Hall},
   year      = {2005},
   month     = {March},
   edition   = {First}
}
